<records xmlns="http://www.openarchives.org/OAI/2.0/">
<record>
  <header>
    <identifier>oai:mst.rochester.edu:marcnormalization/97</identifier>
    <datestamp />
    <predecessors>
      <predecessor>oai:mst.rochester.edu:97</predecessor>
    </predecessors>
    <setSpec>MARCXML Bibliographic Records</setSpec>
    <status>deleted</status>
  </header>
  <metadata>
    <marc:record xmlns:marc="http://www.loc.gov/MARC21/slim" xmlns:xsi="http://www.w3.org/2001/XMLSchema-instance" xsi:schemaLocation="http://www.loc.gov/MARC21/slim http://www.loc.gov/standards/marcxml/schema/MARC21slim.xsd">
      <marc:leader>01148uas a22003490  45 A</marc:leader>
      <marc:controlfield tag="001">2888</marc:controlfield>
      <marc:controlfield tag="003">NRU</marc:controlfield>
      <marc:controlfield tag="005">20080423130645.0</marc:controlfield>
      <marc:controlfield tag="008">760528c19319999paumr1p       0   a0eng d</marc:controlfield>
      <marc:datafield ind1=" " ind2=" " tag="010">
        <marc:subfield code="a">sn 78005638</marc:subfield>
      </marc:datafield>
      <marc:datafield ind1=" " ind2=" " tag="022">
        <marc:subfield code="a">0362-2525</marc:subfield>
      </marc:datafield>
      <marc:datafield ind1=" " ind2=" " tag="030">
        <marc:subfield code="a">JOMOAT</marc:subfield>
      </marc:datafield>
      <marc:datafield ind1=" " ind2=" " tag="035">
        <marc:subfield code="a">(OCoLC)2200304</marc:subfield>
      </marc:datafield>
      <marc:datafield ind1=" " ind2=" " tag="035">
        <marc:subfield code="9">00051546</marc:subfield>
      </marc:datafield>
      <marc:datafield ind1=" " ind2=" " tag="040">
        <marc:subfield code="a">NSD</marc:subfield>
        <marc:subfield code="c">NSD</marc:subfield>
        <marc:subfield code="d">RRR</marc:subfield>
      </marc:datafield>
      <marc:datafield ind1=" " ind2=" " tag="042">
        <marc:subfield code="a">nsdp</marc:subfield>
      </marc:datafield>
      <marc:datafield ind1=" " ind2=" " tag="049">
        <marc:subfield code="a">RRRR</marc:subfield>
      </marc:datafield>
      <marc:datafield ind1=" " ind2=" " tag="099">
        <marc:subfield code="a">QL 801 J865</marc:subfield>
        <marc:subfield code="a">Serial</marc:subfield>
      </marc:datafield>
      <marc:datafield ind1="0" ind2=" " tag="130">
        <marc:subfield code="a">Journal of morphology (Philadelphia, Pa.)</marc:subfield>
      </marc:datafield>
      <marc:datafield ind1="0" ind2=" " tag="210">
        <marc:subfield code="a">J. morph. (1931)</marc:subfield>
      </marc:datafield>
      <marc:datafield ind1=" " ind2="0" tag="222">
        <marc:subfield code="a">Journal of morphology</marc:subfield>
        <marc:subfield code="b">(1931)</marc:subfield>
      </marc:datafield>
      <marc:datafield ind1="0" ind2="0" tag="245">
        <marc:subfield code="a">Journal of morphology.</marc:subfield>
      </marc:datafield>
      <marc:datafield ind1=" " ind2=" " tag="260">
        <marc:subfield code="a">Philadelphia, Pa. :</marc:subfield>
        <marc:subfield code="b">Wister Institute of Anatomy and Biology,</marc:subfield>
        <marc:subfield code="c">1931-</marc:subfield>
      </marc:datafield>
      <marc:datafield ind1=" " ind2=" " tag="300">
        <marc:subfield code="a">v. :</marc:subfield>
        <marc:subfield code="b">ill. ;</marc:subfield>
        <marc:subfield code="c">27 cm.</marc:subfield>
      </marc:datafield>
      <marc:datafield ind1="0" ind2=" " tag="362">
        <marc:subfield code="a">Vol. 52, no. 2 (Dec. 1931)-</marc:subfield>
      </marc:datafield>
      <marc:datafield ind1=" " ind2=" " tag="500">
        <marc:subfield code="a">Imprint varies.</marc:subfield>
      </marc:datafield>
      <marc:datafield ind1=" " ind2=" " tag="590">
        <marc:subfield code="a">Miner vol. 52, no. 2 bound with: Journal of morphology and physiology, v. 52 (1931).</marc:subfield>
      </marc:datafield>
      <marc:datafield ind1=" " ind2="0" tag="650">
        <marc:subfield code="a">Morphology (Animals)</marc:subfield>
        <marc:subfield code="x">Periodicals.</marc:subfield>
      </marc:datafield>
      <marc:datafield ind1=" " ind2="2" tag="650">
        <marc:subfield code="a">Anatomy</marc:subfield>
        <marc:subfield code="v">Periodicals.</marc:subfield>
      </marc:datafield>
      <marc:datafield ind1="2" ind2=" " tag="710">
        <marc:subfield code="a">Wistar Institute of Anatomy and Biology.</marc:subfield>
      </marc:datafield>
      <marc:datafield ind1="0" ind2=" " tag="770">
        <marc:subfield code="t">Journal of morphology (Philadelphia, Pa.). Supplement</marc:subfield>
        <marc:subfield code="x">0898-9249</marc:subfield>
      </marc:datafield>
      <marc:datafield ind1="0" ind2="0" tag="780">
        <marc:subfield code="t">Journal of morphology and physiology</marc:subfield>
        <marc:subfield code="x">0095-9626</marc:subfield>
      </marc:datafield>
      <marc:datafield tag="931" ind1=" " ind2=" ">
        <marc:subfield code="a">Text</marc:subfield>
        <marc:subfield code="5">NRU</marc:subfield>
      </marc:datafield>
      <marc:datafield tag="932" ind1=" " ind2=" ">
        <marc:subfield code="a">Language material</marc:subfield>
        <marc:subfield code="5">NRU</marc:subfield>
      </marc:datafield>
      <marc:datafield tag="933" ind1=" " ind2=" ">
        <marc:subfield code="a">Text</marc:subfield>
        <marc:subfield code="5">NRU</marc:subfield>
      </marc:datafield>
      <marc:datafield tag="935" ind1=" " ind2=" ">
        <marc:subfield code="a">Serial</marc:subfield>
        <marc:subfield code="5">NRU</marc:subfield>
      </marc:datafield>
      <marc:datafield tag="035" ind1=" " ind2=" ">
        <marc:subfield code="a">(NRU)2888</marc:subfield>
      </marc:datafield>
      <marc:datafield tag="937" ind1=" " ind2=" ">
        <marc:subfield code="a">Non-Fiction</marc:subfield>
        <marc:subfield code="5">NRU</marc:subfield>
      </marc:datafield>
      <marc:datafield tag="939" ind1=" " ind2=" ">
        <marc:subfield code="a">1931-</marc:subfield>
        <marc:subfield code="5">NRU</marc:subfield>
      </marc:datafield>
      <marc:datafield tag="941" ind1=" " ind2=" ">
        <marc:subfield code="a">eng</marc:subfield>
        <marc:subfield code="5">NRU</marc:subfield>
      </marc:datafield>
      <marc:datafield tag="943" ind1=" " ind2=" ">
        <marc:subfield code="a">English</marc:subfield>
        <marc:subfield code="5">NRU</marc:subfield>
      </marc:datafield>
      <marc:datafield tag="965" ind1=" " ind2="0">
        <marc:subfield code="a">Morphology (Animals)</marc:subfield>
        <marc:subfield code="5">NRU</marc:subfield>
      </marc:datafield>
      <marc:datafield tag="965" ind1=" " ind2="2">
        <marc:subfield code="a">Anatomy</marc:subfield>
        <marc:subfield code="5">NRU</marc:subfield>
      </marc:datafield>
      <marc:datafield tag="965" ind1=" " ind2="0">
        <marc:subfield code="x">Periodicals.</marc:subfield>
        <marc:subfield code="5">NRU</marc:subfield>
      </marc:datafield>
      <marc:datafield tag="969" ind1=" " ind2="2">
        <marc:subfield code="v">Periodicals.</marc:subfield>
        <marc:subfield code="5">NRU</marc:subfield>
      </marc:datafield>
    </marc:record>
  </metadata>
</record>
</records>
